@article{unix,
  author  = {UNIX}, 
  title   = {Le Manuel du programmeur},
}

@Misc{UTAH,
  author = {Universit√© Utah},
  title ={Memory management with mmap},howpublished = {https://my.eng.utah.edu/~cs4400/malloc.pdf},
} 


